@misc{smith02,
    author = {P. Q. Smith and X. Y. Jones},
    title = {{ ...reference text... }},
    year = 2009
}
