@inproceedings{vellvm,
	added-at = {2012-01-27T00:00:00.000+0100},
	author = {Jianzhou Zhao and Santosh Nagarakatte and Milo M. K. Martin and Steve Zdancewic},
	booktitle = {{POPL}},
	editor = {John Field and Michael Hicks},
	ee = {http://doi.acm.org/10.1145/2103656.2103709},
	interhash = {6dcb1883698882e4cd5c6a08314b070b},
	intrahash = {56b6032a95b8d8a129266b24c7357071},
	isbn = {978-1-4503-1083-3},
	pages = {427--440},
	publisher = {ACM},
	timestamp = {2012-05-23T11:36:56.000+0200},
	title = {{Formalizing the LLVM intermediate representation for verified program transformations.}},
	x-fetchedfrom = {Bibsonomy},
	year = 2012
}

@inproceedings{bedrocklinkers,
	added-at = {2014-10-16T00:00:00.000+0200},
	author = {Peng Wang and Santiago Cuellar and Adam Chlipala},
	booktitle = {{OOPSLA}},
	editor = {Andrew P. Black and Todd D. Millstein},
	ee = {http://doi.acm.org/10.1145/2660193.2660201},
	interhash = {17c16a8ee0dda871b25d40fd7c3b2eca},
	intrahash = {9c6e061120a88ad1c044070762d44e2a},
	isbn = {978-1-4503-2585-1},
	pages = {675--690},
	publisher = {ACM},
	timestamp = {2015-06-19T14:12:01.000+0200},
	title = {{Compiler verification meets cross-language linking via data abstraction.}},
	x-fetchedfrom = {Bibsonomy},
	year = 2014
}

@book{stal,
	author = {Greg Morrisett and Karl Crary and Neal Glew and David Walker},
	publisher = {Springer},
	title = {{Stack-based typed assembly language}},
	x-fetchedfrom = {Google Scholar},
	year = {1998}
}

@inproceedings{mtal,
	author = {Neal Glew and Greg Morrisett},
	booktitle = {{Proceedings of the 26th ACM SIGPLAN-SIGACT symposium on Principles of programming languages}},
	organization = {ACM},
	pages = {250--261},
	title = {{Type-safe linking and modular assembly language}},
	x-fetchedfrom = {Google Scholar},
	year = {1999}
}

@inproceedings{talx86,
	author = {K Crary and Neal Glew and Dan Grossman and Richard Samuels and F Smith and D Walker and S Weirich and S Zdancewic},
	booktitle = {{1999 ACM SIGPLAN Workshop on Compiler Support for System Software Atlanta, GA, USA}},
	pages = {25--35},
	title = {{TALx86: A realistic typed assembly language}},
	x-fetchedfrom = {Google Scholar},
	year = {1999}
}

@article{tal,
	author = {Greg Morrisett and David Walker and Karl Crary and Neal Glew},
	journal = {ACM Transactions on Programming Languages and Systems (TOPLAS)},
	number = {3},
	pages = {527--568},
	publisher = {ACM},
	title = {{From System F to typed assembly language}},
	volume = {21},
	x-fetchedfrom = {Google Scholar},
	year = {1999}
}

@article{dsohowto,
	author = {Ulrich Drepper},
	journal = {Retrieved Jul},
	pages = {2009},
	title = {{How to write shared libraries}},
	volume = {16},
	x-fetchedfrom = {Google Scholar},
	year = {2006}
}

@inproceedings{ltostress,
	added-at = {2015-07-29T00:00:00.000+0200},
	author = {Vu Le and Chengnian Sun and Zhendong Su},
	booktitle = {{ISSTA}},
	editor = {Michal Young and Tao Xie},
	ee = {http://doi.acm.org/10.1145/2771783.2771785},
	interhash = {a4a7b59fe06580688cf0e7d80c1bd8f5},
	intrahash = {30e423cdf46ce7a6ecf839a3ae770ec3},
	isbn = {978-1-4503-3620-8},
	pages = {327--337},
	publisher = {ACM},
	timestamp = {2015-07-30T11:35:00.000+0200},
	title = {{Randomized stress-testing of link-time optimizers.}},
	x-fetchedfrom = {Bibsonomy},
	year = 2015
}

@article{bedrock,
	author = {Adam Chlipala},
	journal = {ACM SIGPLAN Notices},
	number = {6},
	pages = {234--245},
	publisher = {ACM},
	title = {{Mostly-automated verification of low-level programs in computational separation logic}},
	volume = {46},
	x-fetchedfrom = {Google Scholar},
	year = {2011}
}

@inproceedings{cardelli,
	added-at = {2012-05-21T00:00:00.000+0200},
	author = {Luca Cardelli},
	biburl = {http://www.bibsonomy.org/bibtex/20e953ae74a852a775f1262a00cfe833a/dblp},
	booktitle = {{POPL}},
	editor = {Peter Lee and Fritz Henglein and Neil D. Jones},
	ee = {http://doi.acm.org/10.1145/263699.263735},
	interhash = {3658440953c4826ff019107fd866862b},
	intrahash = {0e953ae74a852a775f1262a00cfe833a},
	isbn = {0-89791-853-3},
	pages = {266--277},
	publisher = {ACM Press},
	timestamp = {2012-12-11T11:38:28.000+0100},
	title = {{Program Fragments, Linking, and Modularization.}},
	x-fetchedfrom = {Bibsonomy},
	year = 1997
}

@article{agda,
	author = {U. Norell},
	journal = {LECTURE NOTES IN COMPUTER SCIENCE},
	number = {5832},
	pages = {230--266},
	title = {{Dependently Typed Programming in Agda}},
	volume = {1},
	x-fetchedfrom = {IngentaConnect},
	year = {2009}
}

@article{compcert,
	author = {Xavier Leroy},
	journal = {Communications of the ACM},
	number = {7},
	pages = {107--115},
	publisher = {ACM},
	title = {{Formal verification of a realistic compiler}},
	volume = {52},
	x-fetchedfrom = {Google Scholar},
	year = {2009}
}

@manual{coq,
	added-at = {2010-08-25T08:47:38.000+0200},
	author = {{\mbox{The Coq development team}}},
	author:corp = {{LogiCal Project}},
	interhash = {4b901ca61cfc314851d245e564b3acc4},
	intrahash = {6e98d17fd0c82d7f2c4c49a87dcea984},
	keywords = {imported},
	note = {{Version 8.0}},
	tags = {Theorem Prover},
	timestamp = {2011-09-22T16:45:30.000+0200},
	title = {{The Coq proof assistant reference manual}},
	x-fetchedfrom = {Bibsonomy},
	year = {{2004}}
}

@book{sorensen2006lectures,
  title={Lectures on the Curry-Howard isomorphism},
  author={S{\o}rensen, Morten Heine and Urzyczyn, Pawel},
  volume={149},
  year={2006},
  publisher={Elsevier}
}

@article{gonthier2008formal,
  title={Formal proof--the four-color theorem},
  author={Gonthier, Georges},
  journal={Notices of the AMS},
  volume={55},
  number={11},
  pages={1382--1393},
  year={2008}
}

@inproceedings{danielsson2006formalisation,
  title={A formalisation of a dependently typed language as an inductive-recursive family},
  author={Danielsson, Nils Anders},
  booktitle={International Workshop on Types for Proofs and Programs},
  pages={93--109},
  year={2006},
  organization={Springer}
}

@inproceedings{hancock2013small,
  title={Small induction recursion},
  author={Hancock, Peter and McBride, Conor and Ghani, Neil and Malatesta, Lorenzo and Altenkirch, Thorsten},
  booktitle={International Conference on Typed Lambda Calculi and Applications},
  pages={156--172},
  year={2013},
  organization={Springer}
}

@article{mcbridedjinn,
  title={Djinn, Monotonic},
  author={McBride, Conor},
  publisher={Citeseer}
}
